<?xml version="1.0" encoding="UTF-8"?><collection xmlns="http://www.loc.gov/MARC21/slim"><record><leader>00530nam--2200181-u-4500</leader><controlfield tag="001">000051702</controlfield><controlfield tag="002">20161230</controlfield><controlfield tag="005">20161230201049</controlfield><controlfield tag="008">080821s1000------------r-----000-0-eng-d</controlfield><datafield ind1=" " ind2=" " tag="020"><subfield code="a">3-540-62995-5</subfield></datafield><datafield ind1=" " ind2=" " tag="040"><subfield code="a">IFIN-HH</subfield></datafield><datafield ind1=" " ind2=" " tag="080"><subfield code="a">517.53:517.55</subfield></datafield><datafield ind1="1" ind2=" " tag="100"><subfield code="a">Bell, S.R</subfield></datafield><datafield ind1="1" ind2="0" tag="245"><subfield code="a">Complex Manifolds</subfield><subfield code="c">Brylinski, J-L. Huckleberry, A.T. Narasimhan, R. Okonek, C. Schumacher, G. Van de Ven, A. Zucher, S</subfield></datafield><datafield ind1=" " ind2=" " tag="260"><subfield code="a">Berlin</subfield><subfield code="b">Springer</subfield><subfield code="c">1998</subfield></datafield><datafield ind1=" " ind2=" " tag="300"><subfield code="a">310 p</subfield></datafield><datafield ind1=" " ind2=" " tag="852"><subfield code="a">81414</subfield><subfield code="c">517.53:517.55</subfield></datafield><datafield ind1=" " ind2=" " tag="CAT"><subfield code="a">Sys</subfield><subfield code="c">20080821</subfield><subfield code="h">091114</subfield></datafield></record></collection>